<?xml version="1.0" encoding="UTF-8"?><collection xmlns="http://www.loc.gov/MARC21/slim"><record><leader>00441nam--2200169-i-4500</leader><controlfield tag="001">000036681</controlfield><controlfield tag="002">20161230</controlfield><controlfield tag="005">20161230201041</controlfield><controlfield tag="008">060222s1000------------r-----000-0-eng-d</controlfield><datafield ind1=" " ind2=" " tag="040"><subfield code="a">IFIN-HH</subfield></datafield><datafield ind1=" " ind2=" " tag="080"><subfield code="a">533.9</subfield></datafield><datafield ind1="1" ind2=" " tag="100"><subfield code="a">Schwartz, Simon</subfield></datafield><datafield ind1="1" ind2="0" tag="245"><subfield code="a">Oscillations in the Plasma Sheath</subfield><subfield code="b">Dissertation</subfield><subfield code="c">Simon H. Schwartz</subfield></datafield><datafield ind1=" " ind2=" " tag="260"><subfield code="a">Michigan,</subfield><subfield code="b">Ann Arbor</subfield><subfield code="c">1966</subfield></datafield><datafield ind1=" " ind2=" " tag="300"><subfield code="a">60 p</subfield></datafield><datafield ind1=" " ind2=" " tag="852"><subfield code="a">29912</subfield><subfield code="c">533.9</subfield></datafield><datafield ind1=" " ind2=" " tag="CAT"><subfield code="a">Sys</subfield><subfield code="c">20100923</subfield><subfield code="h">100648</subfield></datafield></record></collection>